% Encoding: UTF-8

@Article{Macaulay2017,
  author    = {Macaulay, Iain C. and Ponting, Chris P. and Voet, Thierry},
  title     = {Single-Cell Multiomics: Multiple Measurements from Single Cells},
  journal   = {Trends in Genetics},
  year      = {2017},
  volume    = {33},
  number    = {2},
  month     = feb,
  pages     = {155--168},
  issn      = {0168-9525},
  doi       = {10.1016/j.tig.2016.12.003},
  publisher = {Elsevier BV},
}

@Article{Klein2015,
  author    = {Klein, Allon M. and Mazutis, Linas and Akartuna, Ilke and Tallapragada, Naren and Veres, Adrian and Li, Victor and Peshkin, Leonid and Weitz, David A. and Kirschner, Marc W.},
  title     = {Droplet Barcoding for Single-Cell Transcriptomics Applied to Embryonic Stem Cells},
  journal   = {Cell},
  year      = {2015},
  volume    = {161},
  number    = {5},
  month     = may,
  pages     = {1187--1201},
  issn      = {0092-8674},
  doi       = {10.1016/j.cell.2015.04.044},
  publisher = {Elsevier BV},
}

@Article{Andrews2018,
  author    = {Andrews, Tallulah S. and Hemberg, Martin},
  title     = {Identifying cell populations with scRNASeq},
  journal   = {Molecular Aspects of Medicine},
  year      = {2018},
  volume    = {59},
  month     = feb,
  pages     = {114--122},
  issn      = {0098-2997},
  doi       = {10.1016/j.mam.2017.07.002},
  publisher = {Elsevier BV},
}

@Article{Macosko2015,
  author    = {Macosko, Evan Z. and Basu, Anindita and Satija, Rahul and Nemesh, James and Shekhar, Karthik and Goldman, Melissa and Tirosh, Itay and Bialas, Allison R. and Kamitaki, Nolan and Martersteck, Emily M. and Trombetta, John J. and Weitz, David A. and Sanes, Joshua R. and Shalek, Alex K. and Regev, Aviv and McCarroll, Steven A.},
  title     = {Highly Parallel Genome-wide Expression Profiling of Individual Cells Using Nanoliter Droplets},
  journal   = {Cell},
  year      = {2015},
  volume    = {161},
  number    = {5},
  month     = may,
  pages     = {1202--1214},
  issn      = {0092-8674},
  doi       = {10.1016/j.cell.2015.05.002},
  publisher = {Elsevier BV},
}

@Article{Zheng2017,
  author    = {Zheng, Grace X. Y. and Terry, Jessica M. and Belgrader, Phillip and Ryvkin, Paul and Bent, Zachary W. and Wilson, Ryan and Ziraldo, Solongo B. and Wheeler, Tobias D. and McDermott, Geoff P. and Zhu, Junjie and Gregory, Mark T. and Shuga, Joe and Montesclaros, Luz and Underwood, Jason G. and Masquelier, Donald A. and Nishimura, Stefanie Y. and Schnall-Levin, Michael and Wyatt, Paul W. and Hindson, Christopher M. and Bharadwaj, Rajiv and Wong, Alexander and Ness, Kevin D. and Beppu, Lan W. and Deeg, H. Joachim and McFarland, Christopher and Loeb, Keith R. and Valente, William J. and Ericson, Nolan G. and Stevens, Emily A. and Radich, Jerald P. and Mikkelsen, Tarjei S. and Hindson, Benjamin J. and Bielas, Jason H.},
  title     = {Massively parallel digital transcriptional profiling of single cells},
  journal   = {Nature Communications},
  year      = {2017},
  volume    = {8},
  number    = {1},
  month     = jan,
  issn      = {2041-1723},
  doi       = {10.1038/ncomms14049},
  publisher = {Springer Science and Business Media LLC},
}

@Article{Heather2016,
  author    = {Heather, James M. and Chain, Benjamin},
  title     = {The sequence of sequencers: The history of sequencing DNA},
  journal   = {Genomics},
  year      = {2016},
  volume    = {107},
  number    = {1},
  month     = jan,
  pages     = {1--8},
  issn      = {0888-7543},
  doi       = {10.1016/j.ygeno.2015.11.003},
  publisher = {Elsevier BV},
}

@Article{Heumos2023,
  author    = {Heumos, Lukas and Schaar, Anna C. and Lance, Christopher and Litinetskaya, Anastasia and Drost, Felix and Zappia, Luke and Lücken, Malte D. and Strobl, Daniel C. and Henao, Juan and Curion, Fabiola and Aliee, Hananeh and Ansari, Meshal and Badia-i-Mompel, Pau and Büttner, Maren and Dann, Emma and Dimitrov, Daniel and Dony, Leander and Frishberg, Amit and He, Dongze and Hediyeh-zadeh, Soroor and Hetzel, Leon and Ibarra, Ignacio L. and Jones, Matthew G. and Lotfollahi, Mohammad and Martens, Laura D. and Müller, Christian L. and Nitzan, Mor and Ostner, Johannes and Palla, Giovanni and Patro, Rob and Piran, Zoe and Ramírez-Suástegui, Ciro and Saez-Rodriguez, Julio and Sarkar, Hirak and Schubert, Benjamin and Sikkema, Lisa and Srivastava, Avi and Tanevski, Jovan and Virshup, Isaac and Weiler, Philipp and Schiller, Herbert B. and Theis, Fabian J.},
  title     = {Best practices for single-cell analysis across modalities},
  journal   = {Nature Reviews Genetics},
  year      = {2023},
  volume    = {24},
  number    = {8},
  month     = mar,
  pages     = {550--572},
  issn      = {1471-0064},
  doi       = {10.1038/s41576-023-00586-w},
  publisher = {Springer Science and Business Media LLC},
}

@Article{Rozenblatt2017,
  author    = {Rozenblatt-Rosen, Orit and Stubbington, Michael J. T. and Regev, Aviv and Teichmann, Sarah A.},
  title     = {The Human Cell Atlas: from vision to reality},
  journal   = {Nature},
  year      = {2017},
  volume    = {550},
  number    = {7677},
  month     = oct,
  pages     = {451--453},
  issn      = {1476-4687},
  doi       = {10.1038/550451a},
  publisher = {Springer Science and Business Media LLC},
}

@Article{Zhang2024,
  author    = {Zhang, ZhenWei and Chen, MianMian and Peng, XiaoLian},
  title     = {Integrated analysis of single-cell and bulk RNA-sequencing identifies a signature based on drug response genes to predict prognosis and therapeutic response in ovarian cancer},
  journal   = {Heliyon},
  year      = {2024},
  volume    = {10},
  number    = {13},
  month     = jul,
  pages     = {e33367},
  issn      = {2405-8440},
  doi       = {10.1016/j.heliyon.2024.e33367},
  publisher = {Elsevier BV},
}

@Article{Skinner2024,
  author    = {Skinner, Oliver P and Asad, Saba and Haque, Ashraful},
  title     = {Advances and challenges in investigating B-cells via single-cell transcriptomics},
  journal   = {Current Opinion in Immunology},
  year      = {2024},
  volume    = {88},
  month     = jun,
  pages     = {102443},
  issn      = {0952-7915},
  doi       = {10.1016/j.coi.2024.102443},
  publisher = {Elsevier BV},
}

@Article{Picelli2013,
  author    = {Picelli, Simone and Björklund, Åsa K and Faridani, Omid R and Sagasser, Sven and Winberg, Gösta and Sandberg, Rickard},
  title     = {Smart-seq2 for sensitive full-length transcriptome profiling in single cells},
  journal   = {Nature Methods},
  year      = {2013},
  volume    = {10},
  number    = {11},
  month     = sep,
  pages     = {1096--1098},
  issn      = {1548-7105},
  doi       = {10.1038/nmeth.2639},
  publisher = {Springer Science and Business Media LLC},
}

@Article{Hashimshony2016,
  author    = {Hashimshony, Tamar and Senderovich, Naftalie and Avital, Gal and Klochendler, Agnes and de Leeuw, Yaron and Anavy, Leon and Gennert, Dave and Li, Shuqiang and Livak, Kenneth J. and Rozenblatt-Rosen, Orit and Dor, Yuval and Regev, Aviv and Yanai, Itai},
  title     = {CEL-Seq2: sensitive highly-multiplexed single-cell RNA-Seq},
  journal   = {Genome Biology},
  year      = {2016},
  volume    = {17},
  number    = {1},
  month     = apr,
  issn      = {1474-760X},
  doi       = {10.1186/s13059-016-0938-8},
  publisher = {Springer Science and Business Media LLC},
}

@Article{Wu2017,
  author    = {Wu, Angela R. and Wang, Jianbin and Streets, Aaron M. and Huang, Yanyi},
  title     = {Single-Cell Transcriptional Analysis},
  journal   = {Annual Review of Analytical Chemistry},
  year      = {2017},
  volume    = {10},
  number    = {1},
  month     = jun,
  pages     = {439--462},
  issn      = {1936-1335},
  doi       = {10.1146/annurev-anchem-061516-045228},
  publisher = {Annual Reviews},
}

@Article{Zhang2019,
  author    = {Zhang, Xiannian and Li, Tianqi and Liu, Feng and Chen, Yaqi and Yao, Jiacheng and Li, Zeyao and Huang, Yanyi and Wang, Jianbin},
  title     = {Comparative Analysis of Droplet-Based Ultra-High-Throughput Single-Cell RNA-Seq Systems},
  journal   = {Molecular Cell},
  year      = {2019},
  volume    = {73},
  number    = {1},
  month     = jan,
  pages     = {130-142.e5},
  issn      = {1097-2765},
  doi       = {10.1016/j.molcel.2018.10.020},
  publisher = {Elsevier BV},
}

@Article{Prakadan2017,
  author    = {Prakadan, Sanjay M. and Shalek, Alex K. and Weitz, David A.},
  title     = {Scaling by shrinking: empowering single-cell “omics” with microfluidic devices},
  journal   = {Nature Reviews Genetics},
  year      = {2017},
  volume    = {18},
  number    = {6},
  month     = apr,
  pages     = {345--361},
  issn      = {1471-0064},
  doi       = {10.1038/nrg.2017.15},
  publisher = {Springer Science and Business Media LLC},
}

@Comment{jabref-meta: databaseType:biblatex;}
